%YAML 1.1
%TAG !u! tag:unity3d.com,2011:
--- !u!1 &6922248958511069631
GameObject:
  m_ObjectHideFlags: 0
  m_CorrespondingSourceObject: {fileID: 0}
  m_PrefabInstance: {fileID: 0}
  m_PrefabAsset: {fileID: 0}
  serializedVersion: 6
  m_Component:
  - component: {fileID: 6922248958511069629}
  - component: {fileID: 6922248958511069628}
  - component: {fileID: -3840379333751424541}
  - component: {fileID: 1338539181750545007}
  m_Layer: 0
  m_Name: Dark Yellow Enemy
  m_TagString: Untagged
  m_Icon: {fileID: 0}
  m_NavMeshLayer: 0
  m_StaticEditorFlags: 0
  m_IsActive: 1
--- !u!4 &6922248958511069629
Transform:
  m_ObjectHideFlags: 0
  m_CorrespondingSourceObject: {fileID: 0}
  m_PrefabInstance: {fileID: 0}
  m_PrefabAsset: {fileID: 0}
  m_GameObject: {fileID: 6922248958511069631}
  m_LocalRotation: {x: 0, y: 0, z: 0, w: 1}
  m_LocalPosition: {x: 11, y: -3.13, z: 0}
  m_LocalScale: {x: 1, y: 1, z: 1}
  m_Children:
  - {fileID: 2625833397659578648}
  - {fileID: 2570564359482572350}
  m_Father: {fileID: 0}
  m_RootOrder: 0
  m_LocalEulerAnglesHint: {x: 0, y: 0, z: 0}
--- !u!212 &6922248958511069628
SpriteRenderer:
  m_ObjectHideFlags: 0
  m_CorrespondingSourceObject: {fileID: 0}
  m_PrefabInstance: {fileID: 0}
  m_PrefabAsset: {fileID: 0}
  m_GameObject: {fileID: 6922248958511069631}
  m_Enabled: 1
  m_CastShadows: 0
  m_ReceiveShadows: 0
  m_DynamicOccludee: 1
  m_MotionVectors: 1
  m_LightProbeUsage: 1
  m_ReflectionProbeUsage: 1
  m_RayTracingMode: 0
  m_RayTraceProcedural: 0
  m_RenderingLayerMask: 1
  m_RendererPriority: 0
  m_Materials:
  - {fileID: 10754, guid: 0000000000000000f000000000000000, type: 0}
  m_StaticBatchInfo:
    firstSubMesh: 0
    subMeshCount: 0
  m_StaticBatchRoot: {fileID: 0}
  m_ProbeAnchor: {fileID: 0}
  m_LightProbeVolumeOverride: {fileID: 0}
  m_ScaleInLightmap: 1
  m_ReceiveGI: 1
  m_PreserveUVs: 0
  m_IgnoreNormalsForChartDetection: 0
  m_ImportantGI: 0
  m_StitchLightmapSeams: 1
  m_SelectedEditorRenderState: 0
  m_MinimumChartSize: 4
  m_AutoUVMaxDistance: 0.5
  m_AutoUVMaxAngle: 89
  m_LightmapParameters: {fileID: 0}
  m_SortingLayerID: 1992912253
  m_SortingLayer: 4
  m_SortingOrder: 1
  m_Sprite: {fileID: -3915379304089666435, guid: 44df85a3e6b582d4fada056d90b67022, type: 3}
  m_Color: {r: 1, g: 1, b: 1, a: 1}
  m_FlipX: 0
  m_FlipY: 0
  m_DrawMode: 0
  m_Size: {x: 1, y: 0.5}
  m_AdaptiveModeThreshold: 0.5
  m_SpriteTileMode: 0
  m_WasSpriteAssigned: 1
  m_MaskInteraction: 0
  m_SpriteSortPoint: 0
--- !u!114 &-3840379333751424541
MonoBehaviour:
  m_ObjectHideFlags: 0
  m_CorrespondingSourceObject: {fileID: 0}
  m_PrefabInstance: {fileID: 0}
  m_PrefabAsset: {fileID: 0}
  m_GameObject: {fileID: 6922248958511069631}
  m_Enabled: 1
  m_EditorHideFlags: 0
  m_Script: {fileID: 11500000, guid: 4854ca29bfb88f644be2384b308ac5c1, type: 3}
  m_Name: 
  m_EditorClassIdentifier: 
  enemyColor: 2
  enemySecondaryColor: 2
  GM: {fileID: 0}
  BaseSpeed: 1.5
  Hitted: 0
  CurrencyValue: 5
  Line: 1
  ShieldColor: 3
  ExplosiveEnemy: 0
  ShooterEnemy: 0
  Underground: 0
  JumperEnemy: 0
  ExplosionCanvas: {fileID: 1498243371055833285, guid: 6618a6e1d6de4714093b753810271936, type: 3}
  BulletPrefab: {fileID: 8322025785241689899, guid: a6717d873afdd9944a6237de63d4e976, type: 3}
  HeartPrefab: {fileID: 5264475557635959105, guid: 5e4e17b600b7c2b40a95680afcd117a6, type: 3}
  JustSpawned: 1
  Gun: {fileID: 9035400068205902479}
  FadeImage: {fileID: 5763133890958956785, guid: 23fe28a95fede1349a9d8aa007b146a1, type: 3}
  ShieldMask: {fileID: 8445018142927854139}
  DeathParticle: {fileID: 4086311401889544678, guid: c9336daa4a8d74e41ae46cbfd82a3031, type: 3}
  ShieldDropSounder: {fileID: 3064806969176285764, guid: 19890fc8e6070a945bf7f21cfb19d6cd, type: 3}
--- !u!95 &1338539181750545007
Animator:
  serializedVersion: 3
  m_ObjectHideFlags: 0
  m_CorrespondingSourceObject: {fileID: 0}
  m_PrefabInstance: {fileID: 0}
  m_PrefabAsset: {fileID: 0}
  m_GameObject: {fileID: 6922248958511069631}
  m_Enabled: 1
  m_Avatar: {fileID: 0}
  m_Controller: {fileID: 9100000, guid: 57eab210e6ed75b4b98029acf3158e46, type: 2}
  m_CullingMode: 0
  m_UpdateMode: 0
  m_ApplyRootMotion: 0
  m_LinearVelocityBlending: 0
  m_WarningMessage: 
  m_HasTransformHierarchy: 1
  m_AllowConstantClipSamplingOptimization: 1
  m_KeepAnimatorControllerStateOnDisable: 0
--- !u!1001 &120959495011046946
PrefabInstance:
  m_ObjectHideFlags: 0
  serializedVersion: 2
  m_Modification:
    m_TransformParent: {fileID: 6922248958511069629}
    m_Modifications:
    - target: {fileID: 2450458128452741148, guid: fd6be7beeda294746bd3affe7b0cbdd4, type: 3}
      propertyPath: m_RootOrder
      value: 1
      objectReference: {fileID: 0}
    - target: {fileID: 2450458128452741148, guid: fd6be7beeda294746bd3affe7b0cbdd4, type: 3}
      propertyPath: m_LocalPosition.x
      value: -0.13
      objectReference: {fileID: 0}
    - target: {fileID: 2450458128452741148, guid: fd6be7beeda294746bd3affe7b0cbdd4, type: 3}
      propertyPath: m_LocalPosition.y
      value: 0.21
      objectReference: {fileID: 0}
    - target: {fileID: 2450458128452741148, guid: fd6be7beeda294746bd3affe7b0cbdd4, type: 3}
      propertyPath: m_LocalPosition.z
      value: 0
      objectReference: {fileID: 0}
    - target: {fileID: 2450458128452741148, guid: fd6be7beeda294746bd3affe7b0cbdd4, type: 3}
      propertyPath: m_LocalRotation.w
      value: 1
      objectReference: {fileID: 0}
    - target: {fileID: 2450458128452741148, guid: fd6be7beeda294746bd3affe7b0cbdd4, type: 3}
      propertyPath: m_LocalRotation.x
      value: -0
      objectReference: {fileID: 0}
    - target: {fileID: 2450458128452741148, guid: fd6be7beeda294746bd3affe7b0cbdd4, type: 3}
      propertyPath: m_LocalRotation.y
      value: -0
      objectReference: {fileID: 0}
    - target: {fileID: 2450458128452741148, guid: fd6be7beeda294746bd3affe7b0cbdd4, type: 3}
      propertyPath: m_LocalRotation.z
      value: -0
      objectReference: {fileID: 0}
    - target: {fileID: 2450458128452741148, guid: fd6be7beeda294746bd3affe7b0cbdd4, type: 3}
      propertyPath: m_LocalEulerAnglesHint.x
      value: 0
      objectReference: {fileID: 0}
    - target: {fileID: 2450458128452741148, guid: fd6be7beeda294746bd3affe7b0cbdd4, type: 3}
      propertyPath: m_LocalEulerAnglesHint.y
      value: 0
      objectReference: {fileID: 0}
    - target: {fileID: 2450458128452741148, guid: fd6be7beeda294746bd3affe7b0cbdd4, type: 3}
      propertyPath: m_LocalEulerAnglesHint.z
      value: 0
      objectReference: {fileID: 0}
    - target: {fileID: 8403443422474112025, guid: fd6be7beeda294746bd3affe7b0cbdd4, type: 3}
      propertyPath: m_Name
      value: Shield
      objectReference: {fileID: 0}
    - target: {fileID: 8403443422474112025, guid: fd6be7beeda294746bd3affe7b0cbdd4, type: 3}
      propertyPath: m_IsActive
      value: 0
      objectReference: {fileID: 0}
    m_RemovedComponents: []
  m_SourcePrefab: {fileID: 100100000, guid: fd6be7beeda294746bd3affe7b0cbdd4, type: 3}
--- !u!1 &8445018142927854139 stripped
GameObject:
  m_CorrespondingSourceObject: {fileID: 8403443422474112025, guid: fd6be7beeda294746bd3affe7b0cbdd4, type: 3}
  m_PrefabInstance: {fileID: 120959495011046946}
  m_PrefabAsset: {fileID: 0}
--- !u!4 &2570564359482572350 stripped
Transform:
  m_CorrespondingSourceObject: {fileID: 2450458128452741148, guid: fd6be7beeda294746bd3affe7b0cbdd4, type: 3}
  m_PrefabInstance: {fileID: 120959495011046946}
  m_PrefabAsset: {fileID: 0}
--- !u!1001 &2735441301539428527
PrefabInstance:
  m_ObjectHideFlags: 0
  serializedVersion: 2
  m_Modification:
    m_TransformParent: {fileID: 6922248958511069629}
    m_Modifications:
    - target: {fileID: 110031216420039095, guid: 3013d9efa374f8842b5e6d80d1da809e, type: 3}
      propertyPath: m_RootOrder
      value: 0
      objectReference: {fileID: 0}
    - target: {fileID: 110031216420039095, guid: 3013d9efa374f8842b5e6d80d1da809e, type: 3}
      propertyPath: m_LocalPosition.x
      value: -0.775
      objectReference: {fileID: 0}
    - target: {fileID: 110031216420039095, guid: 3013d9efa374f8842b5e6d80d1da809e, type: 3}
      propertyPath: m_LocalPosition.y
      value: -0.03
      objectReference: {fileID: 0}
    - target: {fileID: 110031216420039095, guid: 3013d9efa374f8842b5e6d80d1da809e, type: 3}
      propertyPath: m_LocalPosition.z
      value: 0
      objectReference: {fileID: 0}
    - target: {fileID: 110031216420039095, guid: 3013d9efa374f8842b5e6d80d1da809e, type: 3}
      propertyPath: m_LocalRotation.w
      value: 1
      objectReference: {fileID: 0}
    - target: {fileID: 110031216420039095, guid: 3013d9efa374f8842b5e6d80d1da809e, type: 3}
      propertyPath: m_LocalRotation.x
      value: -0
      objectReference: {fileID: 0}
    - target: {fileID: 110031216420039095, guid: 3013d9efa374f8842b5e6d80d1da809e, type: 3}
      propertyPath: m_LocalRotation.y
      value: -0
      objectReference: {fileID: 0}
    - target: {fileID: 110031216420039095, guid: 3013d9efa374f8842b5e6d80d1da809e, type: 3}
      propertyPath: m_LocalRotation.z
      value: -0
      objectReference: {fileID: 0}
    - target: {fileID: 110031216420039095, guid: 3013d9efa374f8842b5e6d80d1da809e, type: 3}
      propertyPath: m_LocalEulerAnglesHint.x
      value: 0
      objectReference: {fileID: 0}
    - target: {fileID: 110031216420039095, guid: 3013d9efa374f8842b5e6d80d1da809e, type: 3}
      propertyPath: m_LocalEulerAnglesHint.y
      value: 0
      objectReference: {fileID: 0}
    - target: {fileID: 110031216420039095, guid: 3013d9efa374f8842b5e6d80d1da809e, type: 3}
      propertyPath: m_LocalEulerAnglesHint.z
      value: 0
      objectReference: {fileID: 0}
    - target: {fileID: 6382178067636511264, guid: 3013d9efa374f8842b5e6d80d1da809e, type: 3}
      propertyPath: m_Name
      value: pistola_item
      objectReference: {fileID: 0}
    - target: {fileID: 6382178067636511264, guid: 3013d9efa374f8842b5e6d80d1da809e, type: 3}
      propertyPath: m_IsActive
      value: 0
      objectReference: {fileID: 0}
    m_RemovedComponents: []
  m_SourcePrefab: {fileID: 100100000, guid: 3013d9efa374f8842b5e6d80d1da809e, type: 3}
--- !u!1 &9035400068205902479 stripped
GameObject:
  m_CorrespondingSourceObject: {fileID: 6382178067636511264, guid: 3013d9efa374f8842b5e6d80d1da809e, type: 3}
  m_PrefabInstance: {fileID: 2735441301539428527}
  m_PrefabAsset: {fileID: 0}
--- !u!4 &2625833397659578648 stripped
Transform:
  m_CorrespondingSourceObject: {fileID: 110031216420039095, guid: 3013d9efa374f8842b5e6d80d1da809e, type: 3}
  m_PrefabInstance: {fileID: 2735441301539428527}
  m_PrefabAsset: {fileID: 0}
