%YAML 1.1
%TAG !u! tag:unity3d.com,2011:
--- !u!1 &9207126378277145419
GameObject:
  m_ObjectHideFlags: 0
  m_CorrespondingSourceObject: {fileID: 0}
  m_PrefabInstance: {fileID: 0}
  m_PrefabAsset: {fileID: 0}
  serializedVersion: 6
  m_Component:
  - component: {fileID: 4292316550112557631}
  - component: {fileID: 7904861334520493998}
  - component: {fileID: -2991605433624804689}
  m_Layer: 0
  m_Name: BluePulse
  m_TagString: Untagged
  m_Icon: {fileID: 0}
  m_NavMeshLayer: 0
  m_StaticEditorFlags: 0
  m_IsActive: 1
--- !u!4 &4292316550112557631
Transform:
  m_ObjectHideFlags: 0
  m_CorrespondingSourceObject: {fileID: 0}
  m_PrefabInstance: {fileID: 0}
  m_PrefabAsset: {fileID: 0}
  m_GameObject: {fileID: 9207126378277145419}
  m_LocalRotation: {x: 0, y: 0, z: 0, w: 1}
  m_LocalPosition: {x: 1119.439, y: 459.81665, z: -64.77147}
  m_LocalScale: {x: 1, y: 1, z: 1}
  m_Children:
  - {fileID: 1182187334830016450}
  m_Father: {fileID: 0}
  m_RootOrder: 0
  m_LocalEulerAnglesHint: {x: 0, y: 0, z: 0}
--- !u!114 &7904861334520493998
MonoBehaviour:
  m_ObjectHideFlags: 0
  m_CorrespondingSourceObject: {fileID: 0}
  m_PrefabInstance: {fileID: 0}
  m_PrefabAsset: {fileID: 0}
  m_GameObject: {fileID: 9207126378277145419}
  m_Enabled: 1
  m_EditorHideFlags: 0
  m_Script: {fileID: 11500000, guid: c8cb313616752c344b9bc7ffd2851a9d, type: 3}
  m_Name: 
  m_EditorClassIdentifier: 
  ID: 0
  RareUpgrade: 0
  Name: Maquina de Pulsos Azul
  Description: Crea un pulso azul de vez en cuando.
  GM: {fileID: 0}
  TimeSinceLast: 0
  TimeBetween: 0
  Pulse: {fileID: 1182187334830016453}
  Charged: 0
--- !u!212 &-2991605433624804689
SpriteRenderer:
  m_ObjectHideFlags: 0
  m_CorrespondingSourceObject: {fileID: 0}
  m_PrefabInstance: {fileID: 0}
  m_PrefabAsset: {fileID: 0}
  m_GameObject: {fileID: 9207126378277145419}
  m_Enabled: 0
  m_CastShadows: 0
  m_ReceiveShadows: 0
  m_DynamicOccludee: 1
  m_MotionVectors: 1
  m_LightProbeUsage: 1
  m_ReflectionProbeUsage: 1
  m_RayTracingMode: 0
  m_RayTraceProcedural: 0
  m_RenderingLayerMask: 1
  m_RendererPriority: 0
  m_Materials:
  - {fileID: 10754, guid: 0000000000000000f000000000000000, type: 0}
  m_StaticBatchInfo:
    firstSubMesh: 0
    subMeshCount: 0
  m_StaticBatchRoot: {fileID: 0}
  m_ProbeAnchor: {fileID: 0}
  m_LightProbeVolumeOverride: {fileID: 0}
  m_ScaleInLightmap: 1
  m_ReceiveGI: 1
  m_PreserveUVs: 0
  m_IgnoreNormalsForChartDetection: 0
  m_ImportantGI: 0
  m_StitchLightmapSeams: 1
  m_SelectedEditorRenderState: 0
  m_MinimumChartSize: 4
  m_AutoUVMaxDistance: 0.5
  m_AutoUVMaxAngle: 89
  m_LightmapParameters: {fileID: 0}
  m_SortingLayerID: 109144159
  m_SortingLayer: 3
  m_SortingOrder: 0
  m_Sprite: {fileID: 21300000, guid: 30e210a5794a20546aaf339b7f3a836d, type: 3}
  m_Color: {r: 1, g: 1, b: 1, a: 1}
  m_FlipX: 0
  m_FlipY: 0
  m_DrawMode: 0
  m_Size: {x: 1, y: 1}
  m_AdaptiveModeThreshold: 0.5
  m_SpriteTileMode: 0
  m_WasSpriteAssigned: 1
  m_MaskInteraction: 0
  m_SpriteSortPoint: 0
--- !u!1001 &915312471523556682
PrefabInstance:
  m_ObjectHideFlags: 0
  serializedVersion: 2
  m_Modification:
    m_TransformParent: {fileID: 4292316550112557631}
    m_Modifications:
    - target: {fileID: 2077336773060934280, guid: ba32bb0950b59ed4fb4b9768634cbab2, type: 3}
      propertyPath: m_RootOrder
      value: 0
      objectReference: {fileID: 0}
    - target: {fileID: 2077336773060934280, guid: ba32bb0950b59ed4fb4b9768634cbab2, type: 3}
      propertyPath: m_LocalPosition.x
      value: 0
      objectReference: {fileID: 0}
    - target: {fileID: 2077336773060934280, guid: ba32bb0950b59ed4fb4b9768634cbab2, type: 3}
      propertyPath: m_LocalPosition.y
      value: 0
      objectReference: {fileID: 0}
    - target: {fileID: 2077336773060934280, guid: ba32bb0950b59ed4fb4b9768634cbab2, type: 3}
      propertyPath: m_LocalPosition.z
      value: 0
      objectReference: {fileID: 0}
    - target: {fileID: 2077336773060934280, guid: ba32bb0950b59ed4fb4b9768634cbab2, type: 3}
      propertyPath: m_LocalRotation.w
      value: 1
      objectReference: {fileID: 0}
    - target: {fileID: 2077336773060934280, guid: ba32bb0950b59ed4fb4b9768634cbab2, type: 3}
      propertyPath: m_LocalRotation.x
      value: 0
      objectReference: {fileID: 0}
    - target: {fileID: 2077336773060934280, guid: ba32bb0950b59ed4fb4b9768634cbab2, type: 3}
      propertyPath: m_LocalRotation.y
      value: 0
      objectReference: {fileID: 0}
    - target: {fileID: 2077336773060934280, guid: ba32bb0950b59ed4fb4b9768634cbab2, type: 3}
      propertyPath: m_LocalRotation.z
      value: 0
      objectReference: {fileID: 0}
    - target: {fileID: 2077336773060934280, guid: ba32bb0950b59ed4fb4b9768634cbab2, type: 3}
      propertyPath: m_LocalEulerAnglesHint.x
      value: 0
      objectReference: {fileID: 0}
    - target: {fileID: 2077336773060934280, guid: ba32bb0950b59ed4fb4b9768634cbab2, type: 3}
      propertyPath: m_LocalEulerAnglesHint.y
      value: 0
      objectReference: {fileID: 0}
    - target: {fileID: 2077336773060934280, guid: ba32bb0950b59ed4fb4b9768634cbab2, type: 3}
      propertyPath: m_LocalEulerAnglesHint.z
      value: 0
      objectReference: {fileID: 0}
    - target: {fileID: 2077336773060934286, guid: ba32bb0950b59ed4fb4b9768634cbab2, type: 3}
      propertyPath: m_Name
      value: PulseAnimator
      objectReference: {fileID: 0}
    m_RemovedComponents: []
  m_SourcePrefab: {fileID: 100100000, guid: ba32bb0950b59ed4fb4b9768634cbab2, type: 3}
--- !u!4 &1182187334830016450 stripped
Transform:
  m_CorrespondingSourceObject: {fileID: 2077336773060934280, guid: ba32bb0950b59ed4fb4b9768634cbab2, type: 3}
  m_PrefabInstance: {fileID: 915312471523556682}
  m_PrefabAsset: {fileID: 0}
--- !u!95 &1182187334830016453 stripped
Animator:
  m_CorrespondingSourceObject: {fileID: 2077336773060934287, guid: ba32bb0950b59ed4fb4b9768634cbab2, type: 3}
  m_PrefabInstance: {fileID: 915312471523556682}
  m_PrefabAsset: {fileID: 0}
