%YAML 1.1
%TAG !u! tag:unity3d.com,2011:
--- !u!1 &5098834961968475619
GameObject:
  m_ObjectHideFlags: 0
  m_CorrespondingSourceObject: {fileID: 0}
  m_PrefabInstance: {fileID: 0}
  m_PrefabAsset: {fileID: 0}
  serializedVersion: 6
  m_Component:
  - component: {fileID: 4779873859271959445}
  - component: {fileID: 7970912802008555763}
  - component: {fileID: 8894576311770894217}
  m_Layer: 0
  m_Name: RedPulse
  m_TagString: Untagged
  m_Icon: {fileID: 0}
  m_NavMeshLayer: 0
  m_StaticEditorFlags: 0
  m_IsActive: 1
--- !u!4 &4779873859271959445
Transform:
  m_ObjectHideFlags: 0
  m_CorrespondingSourceObject: {fileID: 0}
  m_PrefabInstance: {fileID: 0}
  m_PrefabAsset: {fileID: 0}
  m_GameObject: {fileID: 5098834961968475619}
  m_LocalRotation: {x: 0, y: 0, z: 0, w: 1}
  m_LocalPosition: {x: 1119.439, y: 459.81665, z: -64.77147}
  m_LocalScale: {x: 1, y: 1, z: 1}
  m_Children:
  - {fileID: 7336878930331603862}
  m_Father: {fileID: 0}
  m_RootOrder: 0
  m_LocalEulerAnglesHint: {x: 0, y: 0, z: 0}
--- !u!114 &7970912802008555763
MonoBehaviour:
  m_ObjectHideFlags: 0
  m_CorrespondingSourceObject: {fileID: 0}
  m_PrefabInstance: {fileID: 0}
  m_PrefabAsset: {fileID: 0}
  m_GameObject: {fileID: 5098834961968475619}
  m_Enabled: 1
  m_EditorHideFlags: 0
  m_Script: {fileID: 11500000, guid: 996d8d7d3e689db45ad6c548ae9d360f, type: 3}
  m_Name: 
  m_EditorClassIdentifier: 
  ID: 0
  RareUpgrade: 0
  Name: Maquina de Pulsos Roja
  Description: Crea un pulso rojo de vez en cuando.
  GM: {fileID: 0}
  TimeSinceLast: 0
  TimeBetween: 0
  Pulse: {fileID: 7336878930331603857}
  Charged: 0
--- !u!212 &8894576311770894217
SpriteRenderer:
  m_ObjectHideFlags: 0
  m_CorrespondingSourceObject: {fileID: 0}
  m_PrefabInstance: {fileID: 0}
  m_PrefabAsset: {fileID: 0}
  m_GameObject: {fileID: 5098834961968475619}
  m_Enabled: 0
  m_CastShadows: 0
  m_ReceiveShadows: 0
  m_DynamicOccludee: 1
  m_MotionVectors: 1
  m_LightProbeUsage: 1
  m_ReflectionProbeUsage: 1
  m_RayTracingMode: 0
  m_RayTraceProcedural: 0
  m_RenderingLayerMask: 1
  m_RendererPriority: 0
  m_Materials:
  - {fileID: 10754, guid: 0000000000000000f000000000000000, type: 0}
  m_StaticBatchInfo:
    firstSubMesh: 0
    subMeshCount: 0
  m_StaticBatchRoot: {fileID: 0}
  m_ProbeAnchor: {fileID: 0}
  m_LightProbeVolumeOverride: {fileID: 0}
  m_ScaleInLightmap: 1
  m_ReceiveGI: 1
  m_PreserveUVs: 0
  m_IgnoreNormalsForChartDetection: 0
  m_ImportantGI: 0
  m_StitchLightmapSeams: 1
  m_SelectedEditorRenderState: 0
  m_MinimumChartSize: 4
  m_AutoUVMaxDistance: 0.5
  m_AutoUVMaxAngle: 89
  m_LightmapParameters: {fileID: 0}
  m_SortingLayerID: 109144159
  m_SortingLayer: 3
  m_SortingOrder: 0
  m_Sprite: {fileID: 21300000, guid: 2b08c420042096a49974a21db06489f2, type: 3}
  m_Color: {r: 1, g: 1, b: 1, a: 1}
  m_FlipX: 0
  m_FlipY: 0
  m_DrawMode: 0
  m_Size: {x: 1, y: 1}
  m_AdaptiveModeThreshold: 0.5
  m_SpriteTileMode: 0
  m_WasSpriteAssigned: 1
  m_MaskInteraction: 0
  m_SpriteSortPoint: 0
--- !u!1001 &8720651450135456030
PrefabInstance:
  m_ObjectHideFlags: 0
  serializedVersion: 2
  m_Modification:
    m_TransformParent: {fileID: 4779873859271959445}
    m_Modifications:
    - target: {fileID: 2077336773060934280, guid: ba32bb0950b59ed4fb4b9768634cbab2, type: 3}
      propertyPath: m_RootOrder
      value: 0
      objectReference: {fileID: 0}
    - target: {fileID: 2077336773060934280, guid: ba32bb0950b59ed4fb4b9768634cbab2, type: 3}
      propertyPath: m_LocalPosition.x
      value: 0
      objectReference: {fileID: 0}
    - target: {fileID: 2077336773060934280, guid: ba32bb0950b59ed4fb4b9768634cbab2, type: 3}
      propertyPath: m_LocalPosition.y
      value: 0
      objectReference: {fileID: 0}
    - target: {fileID: 2077336773060934280, guid: ba32bb0950b59ed4fb4b9768634cbab2, type: 3}
      propertyPath: m_LocalPosition.z
      value: 0
      objectReference: {fileID: 0}
    - target: {fileID: 2077336773060934280, guid: ba32bb0950b59ed4fb4b9768634cbab2, type: 3}
      propertyPath: m_LocalRotation.w
      value: 1
      objectReference: {fileID: 0}
    - target: {fileID: 2077336773060934280, guid: ba32bb0950b59ed4fb4b9768634cbab2, type: 3}
      propertyPath: m_LocalRotation.x
      value: 0
      objectReference: {fileID: 0}
    - target: {fileID: 2077336773060934280, guid: ba32bb0950b59ed4fb4b9768634cbab2, type: 3}
      propertyPath: m_LocalRotation.y
      value: 0
      objectReference: {fileID: 0}
    - target: {fileID: 2077336773060934280, guid: ba32bb0950b59ed4fb4b9768634cbab2, type: 3}
      propertyPath: m_LocalRotation.z
      value: 0
      objectReference: {fileID: 0}
    - target: {fileID: 2077336773060934280, guid: ba32bb0950b59ed4fb4b9768634cbab2, type: 3}
      propertyPath: m_LocalEulerAnglesHint.x
      value: 0
      objectReference: {fileID: 0}
    - target: {fileID: 2077336773060934280, guid: ba32bb0950b59ed4fb4b9768634cbab2, type: 3}
      propertyPath: m_LocalEulerAnglesHint.y
      value: 0
      objectReference: {fileID: 0}
    - target: {fileID: 2077336773060934280, guid: ba32bb0950b59ed4fb4b9768634cbab2, type: 3}
      propertyPath: m_LocalEulerAnglesHint.z
      value: 0
      objectReference: {fileID: 0}
    - target: {fileID: 2077336773060934286, guid: ba32bb0950b59ed4fb4b9768634cbab2, type: 3}
      propertyPath: m_Name
      value: PulseAnimator
      objectReference: {fileID: 0}
    m_RemovedComponents: []
  m_SourcePrefab: {fileID: 100100000, guid: ba32bb0950b59ed4fb4b9768634cbab2, type: 3}
--- !u!4 &7336878930331603862 stripped
Transform:
  m_CorrespondingSourceObject: {fileID: 2077336773060934280, guid: ba32bb0950b59ed4fb4b9768634cbab2, type: 3}
  m_PrefabInstance: {fileID: 8720651450135456030}
  m_PrefabAsset: {fileID: 0}
--- !u!95 &7336878930331603857 stripped
Animator:
  m_CorrespondingSourceObject: {fileID: 2077336773060934287, guid: ba32bb0950b59ed4fb4b9768634cbab2, type: 3}
  m_PrefabInstance: {fileID: 8720651450135456030}
  m_PrefabAsset: {fileID: 0}
